%% This BibTeX bibliography file was created using BibDesk.
%% https://bibdesk.sourceforge.io/

%% Created for Mario Garc√≠a Meza at 2020-11-15 12:50:55 -0600 


%% Saved with string encoding Unicode (UTF-8) 



@book{Mas-colell,
	author = {Mas-Colell, Andreu and Whinston, Michael Dennis and Green, Jerry R and others},
	date-added = {2020-11-15 12:50:46 -0600},
	date-modified = {2020-11-15 12:50:55 -0600},
	publisher = {Oxford university press New York},
	title = {Microeconomic theory},
	volume = {1},
	year = {1995}}

@webpage{gamlich2020,
	author = {Gamlich, John},
	date-added = {2020-11-15 12:35:21 -0600},
	date-modified = {2020-11-15 12:37:13 -0600},
	journal = {Pew Research Center},
	month = {August},
	title = {Why are COVID-19 cases rising in U.S.? Republicans point to more testing, Democrats to more infections},
	url = {https://www.pewresearch.org/fact-tank/2020/08/14/why-are-covid-19-cases-rising-in-u-s-republicans-point-to-more-testing-democrats-to-more-infections/},
	year = {2020}}

@article{makridis2020,
	author = {Makridis, Christos and Rothwell, Jonathan T},
	date-added = {2020-11-15 12:28:20 -0600},
	date-modified = {2020-11-15 12:28:29 -0600},
	journal = {Available at SSRN 3638373},
	title = {The real cost of political polarization: Evidence from the COVID-19 pandemic},
	year = {2020}}

@article{epiellie,
	author = {Murray, Eleanor J},
	date-added = {2020-11-15 12:14:26 -0600},
	date-modified = {2020-11-15 12:14:31 -0600},
	journal = {Journal of Economic Perspectives},
	number = {4},
	pages = {105--20},
	title = {Epidemiology's Time of Need: COVID-19 Calls for Epidemic-Related Economics},
	volume = {34},
	year = {2020}}

@article{Walker2020,
	author = {Walker, Patrick and Whittaker, Charles and Watson, Oliver and Baguelin, Marc and Ainslie, K and Bhatia, Sangeeta and Bhatt, Samir and Boonyasiri, A and Boyd, O and Cattarino, L and others},
	date-added = {2020-11-14 13:50:49 -0600},
	date-modified = {2020-11-14 13:50:57 -0600},
	title = {Report 12: The global impact of COVID-19 and strategies for mitigation and suppression},
	year = {2020}}

@article{SSA-NN,
	author = {Secretar{\'\i}a de Salud},
	date-added = {2020-11-13 15:55:40 -0600},
	date-modified = {2020-11-13 16:00:11 -0600},
	journal = {Diario Oficial de la Federaci{\'o}n},
	title = {Acuerdo por el que se establecen los lineamientos t{\'e}cnicos espec{\'\i}ficos para la reapertura de las actividades econ{\'o}micas},
	year = {2020}}

@webpage{EC-COVID,
	author = {European Commision},
	date-added = {2020-11-13 15:40:52 -0600},
	date-modified = {2020-11-13 15:47:45 -0600},
	lastchecked = {13-nov-2020},
	title = {Council Recomendations on a coordinated approach of free movement in response to the COVID-19 Pandemic},
	url = {https://eur-lex.europa.eu/legal-content/EN/TXT/?qid=1604080584943&uri=CELEX:52020DC0499},
	year = {2020}}

@article{Correia,
	author = {Correia, Sergio and Luck, Stephan and Verner, Emil},
	date-modified = {2020-11-13 15:48:27 -0600},
	journal = {Public Health Interventions do not: Evidence from the},
	title = {Pandemics depress the economy, public health interventions do not: Evidence from the 1918 flu},
	year = {2020}}
